@article{bauer2011linked,
  title   = {Linked open data: The essentials},
  author  = {Bauer, Florian and Kaltenb{\"o}ck, Martin},
  journal = {Edition mono/monochrom, Vienna},
  volume  = {710},
  year    = {2011}
}

@article{bechhofer2004owl,
  title     = {OWL web ontology language reference},
  author    = {Bechhofer, Sean and Van Harmelen, Frank and Hendler, Jim and Horrocks, Ian and McGuinness, Deborah L and Patel-Schneider, Peter F and Stein, Lynn Andrea and others},
  journal   = {W3C recommendation},
  volume    = {10},
  number    = {2},
  pages     = {1--53},
  year      = {2004},
  publisher = {World Wide Web Consortium.[WWW document] http://www. w3. org/TR/owl-ref}
}

@article{berners2001semantic,
  title     = {The semantic web},
  author    = {Berners-Lee, Tim and Hendler, James and Lassila, Ora},
  journal   = {Scientific american},
  volume    = {284},
  number    = {5},
  pages     = {34--43},
  year      = {2001},
  publisher = {JSTOR}
}

@article{berners2006linked,
  title     = {Linked Data - Design Issues},
  author    = {Berners-Lee, Tim},
  url       = {http://www.w3.org/DesignIssues/LinkedData.html},
  publisher = {World Wide Web Consortium},
  year      = {2006},
  month     = {Jul}
}

@incollection{bizer2011linked,
  title     = {Linked data: The story so far},
  author    = {Bizer, Christian and Heath, Tom and Berners-Lee, Tim},
  booktitle = {Semantic services, interoperability and web applications: emerging concepts},
  pages     = {205--227},
  year      = {2011},
  publisher = {IGI global}
}

@article{feigenbaum2007semantic,
  title     = {The semantic web in action},
  author    = {Feigenbaum, Lee and Herman, Ivan and Hongsermeier, Tonya and Neumann, Eric and Stephens, Susie},
  journal   = {Scientific American},
  volume    = {297},
  number    = {6},
  pages     = {90--97},
  year      = {2007},
  publisher = {JSTOR}
}

@article{grau2008owl,
  title     = {OWL 2: The next step for OWL},
  author    = {Grau, Bernardo Cuenca and Horrocks, Ian and Motik, Boris and Parsia, Bijan and Patel-Schneider, Peter and Sattler, Ulrike},
  journal   = {Journal of Web Semantics},
  volume    = {6},
  number    = {4},
  pages     = {309--322},
  year      = {2008},
  publisher = {Elsevier}
}

@article{gruber1995toward,
  title     = {Toward principles for the design of ontologies used for knowledge sharing?},
  author    = {Gruber, Thomas R},
  journal   = {International journal of human-computer studies},
  volume    = {43},
  number    = {5-6},
  pages     = {907--928},
  year      = {1995},
  publisher = {Elsevier}
}

@article{hitzler2009owl,
  title   = {OWL 2 web ontology language primer},
  author  = {Hitzler, Pascal and Kr{\"o}tzsch, Markus and Parsia, Bijan and Patel-Schneider, Peter F and Rudolph, Sebastian and others},
  journal = {W3C recommendation},
  volume  = {27},
  number  = {1},
  pages   = {123},
  year    = {2009}
}

@article{ivanovic2014overview,
  title     = {An overview of ontologies and data resources in medical domains},
  author    = {Ivanovi{\'c}, Mirjana and Budimac, Zoran},
  journal   = {Expert Systems with Applications},
  volume    = {41},
  number    = {11},
  pages     = {5158--5166},
  year      = {2014},
  publisher = {Elsevier}
}

 @misc{noy2001ontology,
  title     = {Ontology development 101: A guide to creating your first ontology},
  author    = {Noy, Natalya F and McGuinness, Deborah L and others},
  year      = {2001},
  publisher = {Stanford knowledge systems laboratory technical report KSL-01-05 and~â€¦}
}

@article{taye2010understanding,
  title   = {Understanding semantic web and ontologies: Theory and applications},
  author  = {Taye, Mohammad Mustafa},
  journal = {arXiv preprint arXiv:1006.4567},
  year    = {2010}
}

@article{world2013sparql,
  title     = {SPARQL 1.1 Overview},
  author    = {World Wide Web Consortium and others},
  url       = {https://www.w3.org/TR/sparql11-overview/},
  month     = {Mar},
  year      = {2013},
  publisher = {World Wide Web Consortium}
}

@misc{world2014rdfconcepts,
  title     = {RDF 1.1 Concepts and Abstract Syntax},
  url       = {https://www.w3.org/TR/rdf11-concepts/},
  author    = {World Wide Web Consortium and others},
  publisher = {World Wide Web Consortium},
  year      = {2014},
  month     = {Feb}
}

@article{world2014rdfprimer,
  title     = {RDF 1.1 Primer},
  author    = {World Wide Web Consortium and others},
  url       = {https://www.w3.org/TR/rdf11-primer/},
  year      = {2014},
  month     = {Jun},
  publisher = {World Wide Web Consortium}
}